@article{parzen1962estimation,
  title={On estimation of a probability density function and mode},
  author={Parzen, Emanuel},
  journal={The annals of mathematical statistics},
  volume={33},
  number={3},
  pages={1065--1076},
  year={1962},
  publisher={JSTOR}
}
@article{duda2001,
  title={Pattern classification. 2nd},
  author={Duda, Richard O and Hart, Peter E and Stork, David G},
  journal={Edition. New York},
  pages={55},
  year={2001}
}
@article{roberts1997,
  title={Parametric and non-parametric unsupervised cluster analysis},
  author={Roberts, Stephen J},
  journal={Pattern Recognition},
  volume={30},
  number={2},
  pages={261--272},
  year={1997},
  publisher={Elsevier}
}
@article{cheng1995,
  title={Mean shift, mode seeking, and clustering},
  author={Cheng, Yizong},
  journal={IEEE transactions on pattern analysis and machine intelligence},
  volume={17},
  number={8},
  pages={790--799},
  year={1995},
  publisher={IEEE}
}
@article{comaniciu2002,
  title={Mean shift: A robust approach toward feature space analysis},
  author={Comaniciu, Dorin and Meer, Peter},
  journal={IEEE Transactions on pattern analysis and machine intelligence},
  volume={24},
  number={5},
  pages={603--619},
  year={2002},
  publisher={IEEE}
}
@article{horn2001,
  title={Algorithm for data clustering in pattern recognition problems based on quantum mechanics},
  author={Horn, David and Gottlieb, Assaf},
  journal={Physical review letters},
  volume={88},
  number={1},
  pages={018702},
  year={2001},
  publisher={APS}
}
@book{titterington1985,
  title={Statistical analysis of finite mixture distributions},
  author={Titterington, D Michael and Smith, Adrian FM and Makov, Udi E},
  year={1985},
  publisher={Wiley,}
}
@inproceedings{witkin1984,
  title={Scale-space filtering: A new approach to multi-scale description},
  author={Witkin, Andrew},
  booktitle={Acoustics, Speech, and Signal Processing, IEEE International Conference on ICASSP'84.},
  volume={9},
  pages={150--153},
  year={1984},
  organization={IEEE}
}
@article{jaynes1957,
  title={Information theory and statistical mechanics},
  author={Jaynes, Edwin T},
  journal={Physical review},
  volume={106},
  number={4},
  pages={620},
  year={1957},
  publisher={APS}
}
@article{bezdek1984,
  title={FCM: The fuzzy c-means clustering algorithm},
  author={Bezdek, James C and Ehrlich, Robert and Full, William},
  journal={Computers \& Geosciences},
  volume={10},
  number={2-3},
  pages={191--203},
  year={1984},
  publisher={Elsevier}
}
@inproceedings{li1995,
  title={A maximum-entropy approach to fuzzy clustering},
  author={Li, Rui-Ping and Mukaidono, Masao},
  booktitle={Fuzzy Systems, 1995. International Joint Conference of the Fourth IEEE International Conference on Fuzzy Systems and The Second International Fuzzy Engineering Symposium., Proceedings of 1995 IEEE Int},
  volume={4},
  pages={2227--2232},
  year={1995},
  organization={IEEE}
}
@article{rose1990,
  title={Statistical mechanics and phase transitions in clustering},
  author={Rose, Kenneth and Gurewitz, Eitan and Fox, Geoffrey C},
  journal={Physical review letters},
  volume={65},
  number={8},
  pages={945},
  year={1990},
  publisher={APS}
}
@article{fukunaga1975,
  title={The estimation of the gradient of a density function, with applications in pattern recognition},
  author={Fukunaga, Keinosuke and Hostetler, Larry},
  journal={IEEE Transactions on information theory},
  volume={21},
  number={1},
  pages={32--40},
  year={1975},
  publisher={IEEE}
}
@incollection{lindeberg1997,
  title={On the axiomatic foundations of linear scale-space},
  author={Lindeberg, Tony},
  booktitle={Gaussian scale-space theory},
  pages={75--97},
  year={1997},
  publisher={Springer}
}
@article{ben2001,
  title={Support vector clustering},
  author={Ben-Hur, Asa and Horn, David and Siegelmann, Hava T and Vapnik, Vladimir},
  journal={Journal of machine learning research},
  volume={2},
  number={Dec},
  pages={125--137},
  year={2001}
}
@article{weinstein2013,
  title={Analyzing big data with dynamic quantum clustering},
  author={Weinstein, Marvin and Meirer, F and Hume, A and Sciau, Ph and Shaked, G and Hofstetter, R and Persi, Erez and Mehta, A and Horn, David},
  journal={arXiv preprint arXiv:1310.2700},
  year={2013}
}
@book{ripley1996,
  title={Pattern Recognition and Neural Networks},
  author={Brian D. Ripley},
  year={1996},
  publisher={Cambridge University Press}
}
@article{jolliffe1986,
  title={Principal component analysis. 1986},
  author={Jolliffe, IT},
  journal={Spring-verlag, New York},
  year={1986}
}
@article{binzel2001,
  title={MUSES-C target asteroid (25143) 1998 SF36: a reddened ordinary chondrite},
  author={Binzel, Richard P and Rivkin, Andrew S and Bus, Schelte J and Sunshine, Jessica M and Burbine, Thomas H},
  journal={Meteoritics \& Planetary Science},
  volume={36},
  number={8},
  pages={1167--1172},
  year={2001},
  publisher={Wiley Online Library}
}
@article{binzel2004,
  title={Spectral observations for near-Earth objects including potential target 4660 Nereus: Results from Meudon remote observations at the NASA Infrared Telescope Facility (IRTF)},
  author={Binzel, Richard P and Birlan, Mirel and Bus, Schelte J and Harris, Alan W and Rivkin, Andrew S and Fornasier, Sonia},
  journal={Planetary and Space Science},
  volume={52},
  number={4},
  pages={291--296},
  year={2004},
  publisher={Elsevier}
}
@article{rivkin2004,
  title={Infrared spectroscopic observations of 69230 Hermes (1937 UB): Possible unweathered endmember among ordinary chondrite analogs},
  author={Rivkin, AS and Binzel, RP and Sunshine, J and Bus, SJ and Burbine, TH and Saxena, A},
  journal={Icarus},
  volume={172},
  number={2},
  pages={408--414},
  year={2004},
  publisher={Elsevier}
}
@article{rayner2003,
  title={SpeX: A medium-resolution 0.8-5.5 micron spectrograph and imager for the NASA Infrared Telescope Facility},
  author={Rayner, JT and Toomey, DW and Onaka, PM and Denault, AJ and Stahlberger, WE and Vacca, WD and Cushing, MC and Wang, S},
  journal={Publications of the Astronomical Society of the Pacific},
  volume={115},
  number={805},
  pages={362},
  year={2003},
  publisher={IOP Publishing}
}
@article{lindeberg1994,
  title={Scale-space theory: A basic tool for analyzing structures at different scales},
  author={Lindeberg, Tony},
  journal={Journal of applied statistics},
  volume={21},
  number={1-2},
  pages={225--270},
  year={1994},
  publisher={Taylor \& Francis}
}
@article{weinstein2009,
  title={Dynamic quantum clustering: A method for visual exploration of structures in data},
  author={Weinstein, Marvin and Horn, David},
  journal={Physical Review E},
  volume={80},
  number={6},
  pages={066117},
  year={2009},
  publisher={APS}
}
@article{xu2015comprehensive,
  title={A comprehensive survey of clustering algorithms},
  author={Xu, Dongkuan and Tian, Yingjie},
  journal={Annals of Data Science},
  volume={2},
  number={2},
  pages={165--193},
  year={2015},
  publisher={Springer}
}
@article{jain2000statistical,
  title={Statistical pattern recognition: A review},
  author={Jain, Anil K and Duin, Robert P. W. and Mao, Jianchang},
  journal={IEEE Transactions on pattern analysis and machine intelligence},
  volume={22},
  number={1},
  pages={4--37},
  year={2000},
  publisher={Ieee}
}
@MastersThesis{deutsch2017quantum,
    author     =     {Lior Deutsch},
    title     =     {Quantum clustering and its application to asteroid spectral taxonomy},
    school     =     {Tel Aviv University},
    address     =     {Israel},
    year     =     {2017},
}
@article{demeo2009extension,
  title={An extension of the Bus asteroid taxonomy into the near-infrared},
  author={DeMeo, Francesca E and Binzel, Richard P and Slivan, Stephen M and Bus, Schelte J},
  journal={Icarus},
  volume={202},
  number={1},
  pages={160--180},
  year={2009},
  publisher={Elsevier}
}
@article{scott2017data,
  title={Data Clustering with Quantum Mechanics},
  author={Scott, Tony C and Therani, Madhusudan and Wang, Xing M},
  journal={Mathematics},
  volume={5},
  number={1},
  pages={5},
  year={2017},
  publisher={Multidisciplinary Digital Publishing Institute}
}
@article{rodriguez2014clustering,
  title={Clustering by fast search and find of density peaks},
  author={Rodriguez, Alex and Laio, Alessandro},
  journal={Science},
  volume={344},
  number={6191},
  pages={1492--1496},
  year={2014},
  publisher={American Association for the Advancement of Science}
}
@incollection{Carreira2015clustering,
  author      = {Carreira-Perpiñán, M. Á},
  title       = {Clustering methods based on kernel density estimators: mean-shift algorithms},
  editor      = {C. Hennig and M. Meila and F. Murtagh and R. Rocci},
  booktitle   = {Handbook of Cluster Analysis},
  publisher   = {CRC/Chapman and Hall},
  year        = {2015},
  pages       = {383-418},
  chapter     = {18},
}
@article{cui2016analog,
  title={Analog circuit fault diagnosis based on Quantum Clustering based Multi-valued Quantum Fuzzification Decision Tree (QC-MQFDT)},
  author={Cui, Yiqian and Shi, Junyou and Wang, Zili},
  journal={Measurement},
  volume={93},
  pages={421--434},
  year={2016},
  publisher={Elsevier}
}
@article{liu2016analyzing,
  title={Analyzing documents with Quantum Clustering: A novel pattern recognition algorithm based on quantum mechanics},
  author={Liu, Ding and Jiang, Minghu and Yang, Xiaofang and Li, Hui},
  journal={Pattern Recognition Letters},
  volume={77},
  pages={8--13},
  year={2016},
  publisher={Elsevier}
}
